<?xml version="1.0" encoding="UTF-8"?><collection xmlns="http://www.loc.gov/MARC21/slim"><record><leader>00390nam--2200169-i-4500</leader><controlfield tag="001">000020925</controlfield><controlfield tag="002">20161230</controlfield><controlfield tag="005">20170306185816</controlfield><controlfield tag="008">060222s1000------------r-----000-0-eng-d</controlfield><datafield ind1=" " ind2=" " tag="020"><subfield code="a">981-02-0</subfield></datafield><datafield ind1=" " ind2=" " tag="080"><subfield code="a">530.145:531.5</subfield></datafield><datafield ind1=" " ind2=" " tag="245"><subfield code="a">Euclidean quantum gravity</subfield></datafield><datafield ind1=" " ind2=" " tag="260"><subfield code="a">Singapore</subfield><subfield code="c">1993</subfield></datafield><datafield ind1=" " ind2=" " tag="300"><subfield code="a">586 p</subfield></datafield><datafield ind1=" " ind2=" " tag="700"><subfield code="a">Gibbons, G. W</subfield></datafield><datafield ind1=" " ind2=" " tag="852"><subfield code="a">80271</subfield></datafield><datafield ind1=" " ind2=" " tag="CAT"><subfield code="a">SYS</subfield><subfield code="c">20170306</subfield><subfield code="h">185816</subfield></datafield></record></collection>